<?xml version="1.0" encoding="UTF-8"?><collection><record><leader>08090ntm a2200649 a 4500</leader><controlfield tag="001">006804519</controlfield><controlfield tag="003">MiAaHDL</controlfield><controlfield tag="005">20190719000000.0</controlfield><controlfield tag="006">m        d        </controlfield><controlfield tag="007">cr bn ---auaua</controlfield><controlfield tag="008">090528s1475    xx            00| ||per d</controlfield><datafield tag="035" ind1=" " ind2=" "><subfield code="a">(MiU)006804519</subfield></datafield><datafield tag="035" ind1=" " ind2=" "><subfield code="a">sdr-miu006804519</subfield></datafield><datafield tag="040" ind1=" " ind2=" "><subfield code="a">MiU</subfield><subfield code="c">MiU</subfield><subfield code="e">amremm</subfield></datafield><datafield tag="043" ind1=" " ind2=" "><subfield code="a">n-us-mi</subfield></datafield><datafield tag="100" ind1="0" ind2=" "><subfield code="6">880-01</subfield><subfield code="a">ʻAlā Muftī Bukhārī.</subfield></datafield><datafield tag="245" ind1="1" ind2="0"><subfield code="6">880-03</subfield><subfield code="a">Ḥayrat al-fuqahā khajlat al-fuḍalā,</subfield><subfield code="f">[880, i.e. 1475].</subfield></datafield><datafield tag="246" ind1="3" ind2=" "><subfield code="a">حیرة الفقها و خجلت الفصحا</subfield></datafield><datafield tag="246" ind1="3" ind2=" "><subfield code="a">حیرةالفقها و خجالت الفضلا</subfield></datafield><datafield tag="246" ind1="3" ind2=" "><subfield code="a">حيرة الفقها خجله الفصلا [sic]</subfield></datafield><datafield tag="246" ind1="3" ind2=" "><subfield code="a">حيرة الفقها خجلت الفضلا</subfield></datafield><datafield tag="246" ind1="3" ind2=" "><subfield code="a">حیرة الفقها خجله الفضلا</subfield></datafield><datafield tag="260" ind1=" " ind2=" "><subfield code="c">[1475].</subfield></datafield><datafield tag="300" ind1=" " ind2=" "><subfield code="a">153 leaves :</subfield><subfield code="b">paper ;</subfield><subfield code="c">240 x 165 (177 x 109) mm.</subfield></datafield><datafield tag="500" ind1=" " ind2=" "><subfield code="a">Shelfmark: Ann Arbor, University of Michigan, Special Collections Library, Isl. Ms. 264</subfield></datafield><datafield tag="500" ind1=" " ind2=" "><subfield code="a">Origin: As appears in colophon on p.306, copied by Pīr Jalīl Burdahʹlīq with transcription completed 1 Jumādá II 880 [ca. 2 October 1475]. As appears in authorial colophon on p.290 (contribution to the cataloguing from Ali Safari Agh Ghaleh), composition completed 9 Shaʻbān 695 [ca. 12 June 1296].</subfield></datafield><datafield tag="500" ind1=" " ind2=" "><subfield code="a">Former shelfmark: "129 T. De M. [i.e. Tammaro De Marinis]" inscribed in pencil on upper pastedown.</subfield></datafield><datafield tag="500" ind1=" " ind2=" "><subfield code="a">Binding: Pasteboards covered in tan leather with dull red leather over spine and edges / turn-ins (possible repair / restoration treatment) ; Type III binding (without flap) ; pastedowns and flyleaves in green wove paper ; upper and lower covers carry central scalloped mandorla with traces of filigreé (now lost) on recessed paper onlays ; sewn in light blue thread, two stations ; worked chevron endbands in light blue and golden yellow, good condition ; overall in somewhat poor condition with losses of onlays, some abrasion, staining, lifting of leather, etc.</subfield></datafield><datafield tag="500" ind1=" " ind2=" "><subfield code="a">Support: non-European (likely Persian) laid paper with 7 laid lines per cm. (vertical) and single chains irregularly visible (horizontal), sturdy and well-burnished ; many leaves now guarded ; flyleaves in European wove paper.</subfield></datafield><datafield tag="500" ind1=" " ind2=" "><subfield code="a">Decoration: Exquisite illuminated headpiece (ʻunwān / sarlawḥ ) at opening on p.2 consisting of rectangular piece with cartouche ending in scalloped domes carrying inscription (" الله ولا سواك [?]" ) in foliated Kufic surrounded by swirling arabesque (all in gold) and accented by red and blue dots flanked by delicated floral vegetal composition on lapis lazuli and bordered in gold, white and turquoise bands, surmounted by a row of elegant arabesque in white, gold, red, turquoise, etc. on a lapis lazuli ground, itself surmounted by vertical stalks (tīgh) in blue ; written area throughout surrounded by narrow gold frame defined by black fillets and outermost blue rule ; some keywords chrysographed, others rubricated or in blue ink ; occasional textual dividers in the form of gold discs.</subfield></datafield><datafield tag="500" ind1=" " ind2=" "><subfield code="a">Script: Nastaʻlīq ; elegant hand ; serifless, with slight effect of words descending to baseline, closed counters, and elongated horizontal strokes, pointing somewhat inconsistent and occasionally unclear ; partially vocalized.</subfield></datafield><datafield tag="500" ind1=" " ind2=" "><subfield code="a">Layout: Written in 15 lines per page ; frame-ruled.</subfield></datafield><datafield tag="500" ind1=" " ind2=" "><subfield code="a">Collation: i, IV-1 (7), IV (15), IV+1 (24), 5 IV(64), IV+3 (75), 4 IV(107), IV+1 (116), IV (124), 2 III (136), IV (144), IV+1 (153), i ; quaternions (many anomalous) and two ternions ; catchwords present (occasionally cut off) ; foliation in black ink, Hindu-Arabic numerals ; pagination in pencil, Western numerals, supplied during digitization.</subfield></datafield><datafield tag="500" ind1=" " ind2=" "><subfield code="a">Dedication: Apparently compiled for amīr Nawrūz Beg (d.1297) [?], see dedication on p.3 "از لطايف صنع و آثار فضل خود خداوند و مخدوم جهانان امير بزرگ عالم عادل خسرو افاق لشكركس و سپهدار خراسان و عراق نوشيروان عهد صاحب السيف و القلم مدبر امور العالم ناصر عباد الله حافظ بلاد الله المنظور من السماء المظفر على الاعداء المخصوص بعنايت رب العالمين خسرو زمين و زمان صاحب قرآن امير المؤمنين برهان رسول رب العالمين غياث الاسلام و المسلمين نوروز بيگ خلد الله ملكه ..."</subfield></datafield><datafield tag="500" ind1=" " ind2=" "><subfield code="a">Colophon: "Scribal," triangular, reads "تم الكتاب بعون الملك الوهاب فى غره جمادى الثانى سنه ۸۸۰ تم لفقير الحقير پر جليل برده ليق"</subfield></datafield><datafield tag="500" ind1=" " ind2=" "><subfield code="a">Explicit: "اين عاريت است والله اعلم بالصواب"</subfield></datafield><datafield tag="500" ind1=" " ind2=" "><subfield code="a">Incipit: "الحمد لله رب العالمين و الصلوة على رسوله آدم ومحمد وما بينهما من الانبياء والمرسلين وعلى آله البرره الطيبين وصحبه السفره الطاهرين وعلى محبهم ومحب محبيهم الى يوم الدين چون ايزد سبحانه و تعالى بعد از تاريخ هجرت مصطفى صلى الله عليه و سلم بششصد و نودوبنج سال خواست كه دين محمدى را كه بهترين اديانست ... و اين كتاب را حيرة الفقها خجله الفصلا [الفضلاء] نام نهادم انشا الله العزيز ...."</subfield></datafield><datafield tag="500" ind1=" " ind2=" "><subfield code="a">Title from opening matter on (p.7).</subfield></datafield><datafield tag="500" ind1=" " ind2=" "><subfield code="a">Ms. codex.</subfield></datafield><datafield tag="510" ind1="4" ind2=" "><subfield code="a">Ṣafarī Āqʹqalʻah, ʻAlī [= Ali Safari Agh Ghaleh]. "Ḥayrat al-fuqahā va khajlat al-fuṣaḥā matn-i fiqhī Fārisī nivishtah-yi 695 q. az ʻAlāʼ Muftī Bukhārī [= Hayrat al-Fuqahā wa Khijlat al-Fusahā]." Guzārish-i Mīrās̲ 52-53 (2012): 87-94.</subfield></datafield><datafield tag="510" ind1="4" ind2=" "><subfield code="a">Dānish'pazhūh, Muḥammad Taqī. Fihristvārah-i fiqh-i hazār va chahārṣad sālah-i Islāmī dar zabān-i Fārsī [= Descriptive Catalogue of Persian Books of Fiḳh Through 1400 Years] (Tihrān: Shirkat-i Intishārāt-i ʻIlmī va Farhangī, 1367 [1988 or 1989]),</subfield><subfield code="c">no.26, p.58</subfield></datafield><datafield tag="510" ind1="4" ind2=" "><subfield code="a">Dānish'pazhūh, Muḥammad Taqī. Nuskhahʹhā-yi khaṭṭī dar kitābkhānahʹhā-yi Ittiḥād-i Jamāhīr-i Shūravī va Urūpā va Āmrīkā : guzārish va fihrist. Nuskhahʹhā-yi khaṭṭī daftar dahum. (Tihrān: Instishārāti-i dānishgāh-i Tihrān, 1358 [1962]),</subfield><subfield code="c">no.173, p.105</subfield></datafield><datafield tag="520" ind1="8" ind2=" "><subfield code="a">Elegant copy of a collection of legal decisions compiled by ʻAlā Muftī Bukhārī (Bukhārāyī). Further details on the composition, works consulted, etc. appear on pp.8-10. For other manuscript copies see Dānish'pazhūh, Nuskhahʹhā-yi khaṭṭī dar kitābkhānahʹhā-yi Ittiḥād-i Jamāhīr-i Shūravī va Urūpā va Āmrīkā: guzārish va fihrist (Nuskhahʹhā-yi khaṭṭī daftar dahum), no.173, p.105.</subfield></datafield><datafield tag="538" ind1=" " ind2=" "><subfield code="a">Mode of access: Internet.</subfield></datafield><datafield tag="541" ind1=" " ind2=" "><subfield code="c">Purchase ;</subfield><subfield code="a">Acquired by purchase (funds donated by Horace Rackham).</subfield><subfield code="d">1924.</subfield></datafield><datafield tag="546" ind1=" " ind2=" "><subfield code="a">Persian.</subfield></datafield><datafield tag="561" ind1=" " ind2=" "><subfield code="a">Inscription in pencil on upper pastedown "129 T De. M. [i.e. Tammaro De Marinis]" ; assorted notes and excerpts on 'title page' (p.1) including possible ownership statement ; occasional marginal corrections, glosses and notabilia (side-heads).</subfield></datafield><datafield tag="650" ind1=" " ind2="0"><subfield code="a">Manuscripts, Persian</subfield><subfield code="z">Michigan</subfield><subfield code="z">Ann Arbor.</subfield></datafield><datafield tag="650" ind1=" " ind2="0"><subfield code="a">Islamic law</subfield><subfield code="x">Interpretation and construction</subfield><subfield code="v">Early works to 1800.</subfield></datafield><datafield tag="650" ind1=" " ind2="0"><subfield code="a">Hanafites</subfield><subfield code="v">Early works to 1800.</subfield></datafield><datafield tag="655" ind1=" " ind2="7"><subfield code="a">Headpieces (layout features)</subfield><subfield code="y">15th century.</subfield><subfield code="2">aat</subfield></datafield><datafield tag="700" ind1="0" ind2=" "><subfield code="a">Abdülhamid</subfield><subfield code="b">II,</subfield><subfield code="c">Sultan of the Turks,</subfield><subfield code="d">1842-1918,</subfield><subfield code="e">former owner.</subfield></datafield><datafield tag="700" ind1="0" ind2=" "><subfield code="6">880-07</subfield><subfield code="a">Pīr Jalīl Burdahʹlīq,</subfield><subfield code="d">flourished 1475,</subfield><subfield code="e">scribe.</subfield></datafield><datafield tag="773" ind1="0" ind2=" "><subfield code="a">Abdul Hamid Collection.</subfield></datafield><datafield tag="880" ind1="0" ind2=" "><subfield code="6">700-07/</subfield><subfield code="a">پير جليل برده ليق،</subfield><subfield code="e">ناسخ.</subfield></datafield><datafield tag="880" ind1="1" ind2="0"><subfield code="6">245-03/</subfield><subfield code="a">حيرة الفقها خجلة الفضلا,</subfield><subfield code="f">[880ه, 1475م].</subfield></datafield><datafield tag="880" ind1="0" ind2=" "><subfield code="6">100-01/</subfield><subfield code="a">علا مفتى بخارى.</subfield></datafield><datafield tag="CID" ind1=" " ind2=" "><subfield code="a">006804519</subfield></datafield><datafield tag="DAT" ind1="0" ind2=" "><subfield code="a">20190719102636.0</subfield><subfield code="b">20190719000000.0</subfield></datafield><datafield tag="DAT" ind1="1" ind2=" "><subfield code="a">20190719090653.0</subfield><subfield code="b">2019-07-19T16:11:46Z</subfield></datafield><datafield tag="DAT" ind1="2" ind2=" "><subfield code="a">2015-10-02T18:00:03Z</subfield></datafield><datafield tag="CAT" ind1=" " ind2=" "><subfield code="a">SDR-MIU</subfield><subfield code="d">EX LIBRIS - ALEPH</subfield><subfield code="l">prepare.pl-004-008</subfield></datafield><datafield tag="FMT" ind1=" " ind2=" "><subfield code="a">BK</subfield></datafield><datafield tag="HOL" ind1=" " ind2=" "><subfield code="0">sdr-miu006804519</subfield><subfield code="a">MiU</subfield><subfield code="b">SDR</subfield><subfield code="c">MIU</subfield><subfield code="p">mdp.39015079126689</subfield><subfield code="s">MIU</subfield><subfield code="1">006804519</subfield></datafield><datafield tag="974" ind1=" " ind2=" "><subfield code="b">MIU</subfield><subfield code="c">MIU</subfield><subfield code="d">20190719</subfield><subfield code="s">lit-dlps-dc</subfield><subfield code="u">mdp.39015079126689</subfield><subfield code="y">1475</subfield><subfield code="r">pd</subfield><subfield code="q">bib</subfield><subfield code="t">non-US bib date1 &lt; 1896</subfield></datafield></record></collection>